@misc{volkovamethod,
    author = {Волкова Lilia Leonidovna},
    title = "Edit distance",
    year = {2019}
}

